@article{yamak2005reel,
	title={Reel d{\"o}viz kuru ve di{\c{s}} ticaret dengesi ili{\c{s}}kisi},
	author={Yamak, Rahmi and Korkmaz, Abdurrahman},
	journal={Ekonometri ve {\.I}statistik e-Dergisi},
	number={2},
	pages={16--38},
	year={2005}
}
@article{kara2012doviz,
	title={D{\"o}viz kuru ve ithalat fiyatlar{\i}n{\i}n yurt i{\c{c}}i fiyatlara etkisi},
	author={Kara, Hakan and {\"O}{\u{g}}{\"u}n{\c{c}}, Fethi and others},
	journal={{\.I}ktisat {\.I}{\c{s}}letme ve Finans},
	volume={27},
	number={317},
	pages={09--28},
	year={2012}
}